<record><leader>00000cas a2200000 i 4500</leader><controlfield tag="001">878079204</controlfield><controlfield tag="006">m     o  |        </controlfield><controlfield tag="007">cr |||||||||||</controlfield><controlfield tag="008">140424c20119999cauwr neo     0    0ara c</controlfield><datafield ind1=" " ind2=" " tag="010"><subfield code="a">  2014225053</subfield></datafield><datafield ind1=" " ind2=" " tag="040"><subfield code="a">CRL</subfield><subfield code="b">eng</subfield><subfield code="e">rda</subfield><subfield code="e">pn</subfield><subfield code="c">CRL</subfield><subfield code="d">CRL</subfield><subfield code="d">OCLCF</subfield><subfield code="d">CRL</subfield></datafield><datafield ind1=" " ind2=" " tag="066"><subfield code="c">(3</subfield></datafield><datafield ind1="0" ind2=" " tag="041"><subfield code="a">ara</subfield><subfield code="a">eng</subfield></datafield><datafield ind1=" " ind2=" " tag="042"><subfield code="a">pcc</subfield></datafield><datafield ind1=" " ind2=" " tag="043"><subfield code="a">a-iq---</subfield></datafield><datafield ind1="0" ind2=" " tag="130"><subfield code="6">880-01</subfield><subfield code="a">Ira&#772;q (Glendale, Calif.)</subfield></datafield><datafield ind1="1" ind2="3" tag="245"><subfield code="6">880-02</subfield><subfield code="a">al-Ira&#772;q.</subfield></datafield><datafield ind1="1" ind2="1" tag="246"><subfield code="a">Al-Iraq</subfield></datafield><datafield ind1=" " ind2="1" tag="264"><subfield code="a">Glendale, CA :</subfield><subfield code="b">al-Iraq,</subfield><subfield code="c">[2011]-</subfield></datafield><datafield ind1=" " ind2=" " tag="300"><subfield code="a">1 online resource</subfield></datafield><datafield ind1=" " ind2=" " tag="310"><subfield code="a">Weekly,</subfield><subfield code="b">&lt;3 Aug. 2011-&gt;</subfield></datafield><datafield ind1=" " ind2=" " tag="321"><subfield code="a">Bimonthly,</subfield><subfield code="b">Apr. 2011-</subfield></datafield><datafield ind1=" " ind2=" " tag="336"><subfield code="a">text</subfield><subfield code="b">txt</subfield><subfield code="2">rdacontent</subfield></datafield><datafield ind1=" " ind2=" " tag="337"><subfield code="a">computer</subfield><subfield code="b">c</subfield><subfield code="2">rdamedia</subfield></datafield><datafield ind1=" " ind2=" " tag="338"><subfield code="a">online resource</subfield><subfield code="b">cr</subfield><subfield code="2">rdacarrier</subfield></datafield><datafield ind1="1" ind2=" " tag="362"><subfield code="a">Began with al-&#699;adad 1. (Ti&#772;ssa&#772;n/Ma&#772;yis 2011).</subfield></datafield><datafield ind1=" " ind2=" " tag="546"><subfield code="a">Chiefly Arabic; some English.</subfield></datafield><datafield ind1=" " ind2=" " tag="588"><subfield code="a">Description based on print version record.</subfield></datafield><datafield ind1=" " ind2="0" tag="651"><subfield code="a">Iraq</subfield><subfield code="v">Newspapers.</subfield></datafield><datafield ind1=" " ind2="7" tag="651"><subfield code="a">Iraq.</subfield><subfield code="2">fast</subfield><subfield code="0">(OCoLC)fst01205757</subfield></datafield><datafield ind1=" " ind2="7" tag="655"><subfield code="a">Newspapers.</subfield><subfield code="2">fast</subfield><subfield code="0">(OCoLC)fst01423814</subfield></datafield><datafield ind1=" " ind2=" " tag="752"><subfield code="a">United States</subfield><subfield code="b">California</subfield><subfield code="c">Los Angeles</subfield><subfield code="d">Glendale.</subfield></datafield><datafield ind1="0" ind2="8" tag="776"><subfield code="i">Print version:</subfield><subfield code="t">Ira&#772;q (Glendale, Calif.)</subfield><subfield code="w">(DLC)  2012223289</subfield><subfield code="w">(OCoLC)815795644</subfield></datafield><datafield ind1="4" ind2="0" tag="856"><subfield code="3">Center for Research Libraries Apr 2011-Oct 2013</subfield><subfield code="u">https://dds.crl.edu/crldelivery/22708</subfield><subfield code="z">Center for Research Libraries Apr 2011-Oct 2013</subfield></datafield><datafield ind1="0" ind2=" " tag="880"><subfield code="6">130-01/(3/r</subfield><subfield code="a">&#1593;&#1585;&#1575;&#1602; (Glendale, Calif.)</subfield></datafield><datafield ind1="1" ind2="2" tag="880"><subfield code="6">245-02/(3/r</subfield><subfield code="a">&#1575;&#1604;&#1593;&#1585;&#1575;&#1602;.</subfield></datafield></record>